@article{paulraj1986subspace, 
year = {1986}, 
title = {{A subspace rotation approach to signal parameter estimation}}, 
author = {Paulraj, A. and Roy, R. and Kailath, T.}, 
journal = {Proceedings of the IEEE}, 
issn = {0018-9219}, 
doi = {10.1109/proc.1986.13583}, 
pages = {1044--1046}, 
number = {7}, 
volume = {74}, 
keywords = {}
}

@article{Vallet2015Performance,
  title = {Performance Analysis of an Improved {{MUSIC DoA}} Estimator},
  author = {Vallet, Pascal and Mestre, Xavier and Loubaton, Philippe},
  year = {2015},
  journal = {IEEE Transactions on Signal Processing},
  volume = {63},
  number = {23},
  pages = {6407--6422},
  issn = {1053-587X},
  doi = {10.1109/tsp.2015.2465302},
  annotation = {78 citations (Crossref) [2023-01-29]}
}
